<record><leader>00000cas a2200000 a 4500</leader><controlfield tag="001">12240411</controlfield><controlfield tag="008">850708d190419uuksuwr ne      0    0eng d</controlfield><datafield ind1=" " ind2=" " tag="010"><subfield code="a">sn 85030633 </subfield></datafield><datafield ind1=" " ind2=" " tag="040"><subfield code="a">KSH</subfield><subfield code="b">eng</subfield><subfield code="c">KSH</subfield><subfield code="d">NPT</subfield><subfield code="d">OCL</subfield><subfield code="d">OCLCQ</subfield></datafield><datafield ind1=" " ind2=" " tag="042"><subfield code="a">msc</subfield></datafield><datafield ind1="0" ind2=" " tag="130"><subfield code="a">Preston news (Preston, Kan.)</subfield></datafield><datafield ind1="1" ind2="4" tag="245"><subfield code="a">The Preston news.</subfield></datafield><datafield ind1=" " ind2=" " tag="260"><subfield code="a">Preston, Kan. :</subfield><subfield code="b">Sam Barnd</subfield></datafield><datafield ind1=" " ind2=" " tag="300"><subfield code="a">v. :</subfield><subfield code="b">ill. ;</subfield><subfield code="c">54 cm.</subfield></datafield><datafield ind1=" " ind2=" " tag="310"><subfield code="a">Weekly</subfield></datafield><datafield ind1="1" ind2=" " tag="362"><subfield code="a">Began in 1904.</subfield><subfield code="z">Cf. Ayer, 1916.</subfield></datafield><datafield ind1=" " ind2=" " tag="500"><subfield code="a">Publisher varies.</subfield></datafield><datafield ind1=" " ind2=" " tag="588"><subfield code="a">Description based on: Vol. 11, no. 39 (Sept. 14, 1916).</subfield></datafield><datafield ind1=" " ind2=" " tag="752"><subfield code="a">United States</subfield><subfield code="b">Kansas</subfield><subfield code="c">Pratt</subfield><subfield code="d">Preston.</subfield></datafield><datafield ind1="0" ind2="5" tag="780"><subfield code="t">Iuka tribune</subfield><subfield code="g">Nov. 9, 1916</subfield><subfield code="w">(DLC)sn 85030628</subfield></datafield></record>